<record><leader>00000cas a2200000 a 4500</leader><controlfield tag="001">25257675</controlfield><controlfield tag="008">920211c19929999caudr ne      0   a0eng c</controlfield><datafield ind1=" " ind2=" " tag="010"><subfield code="a">sn 92003296 </subfield></datafield><datafield ind1=" " ind2=" " tag="040"><subfield code="a">CDS</subfield><subfield code="b">eng</subfield><subfield code="c">CDS</subfield><subfield code="d">NSD</subfield><subfield code="d">NYS</subfield><subfield code="d">MGN</subfield><subfield code="d">CNK</subfield><subfield code="d">JSC</subfield><subfield code="d">EYM</subfield><subfield code="d">DLC</subfield><subfield code="d">CNK</subfield><subfield code="d">DLC</subfield><subfield code="d">CRL</subfield><subfield code="d">CUI</subfield><subfield code="d">OCLCQ</subfield><subfield code="d">CUS</subfield><subfield code="d">DLC</subfield><subfield code="d">CUS</subfield><subfield code="d">DLC</subfield><subfield code="d">OCLCF</subfield></datafield><datafield ind1=" " ind2=" " tag="012"><subfield code="k">1</subfield><subfield code="m">1</subfield></datafield><datafield ind1=" " ind2=" " tag="019"><subfield code="a">26062055</subfield></datafield><datafield ind1="1" ind2=" " tag="022"><subfield code="a">1063-102X</subfield><subfield code="l">1063-102X</subfield><subfield code="2">1</subfield></datafield><datafield ind1="1" ind2=" " tag="029"><subfield code="a">AU@</subfield><subfield code="b">000020693743</subfield></datafield><datafield ind1="1" ind2=" " tag="029"><subfield code="a">NZ1</subfield><subfield code="b">16074959</subfield></datafield><datafield ind1=" " ind2=" " tag="032"><subfield code="a">479500</subfield><subfield code="b">USPS</subfield></datafield><datafield ind1=" " ind2=" " tag="037"><subfield code="b">P.O. Box 191, San Diego, CA 92112-4106</subfield></datafield><datafield ind1=" " ind2=" " tag="042"><subfield code="a">nsdp</subfield><subfield code="a">pcc</subfield></datafield><datafield ind1=" " ind2=" " tag="043"><subfield code="a">n-us-ca</subfield></datafield><datafield ind1="0" ind2="0" tag="050"><subfield code="a">Newspaper</subfield></datafield><datafield ind1="1" ind2="4" tag="050"><subfield code="a">AN</subfield></datafield><datafield ind1=" " ind2=" " tag="092"><subfield code="a">071.7498</subfield></datafield><datafield ind1="0" ind2=" " tag="210"><subfield code="a">S. Diego union-trib.</subfield><subfield code="b">(1992)</subfield></datafield><datafield ind1=" " ind2="0" tag="222"><subfield code="a">San Diego union-tribune</subfield><subfield code="b">(1992)</subfield></datafield><datafield ind1="0" ind2="4" tag="245"><subfield code="a">The San Diego union-tribune.</subfield></datafield><datafield ind1="3" ind2="0" tag="246"><subfield code="a">Union-tribune</subfield></datafield><datafield ind1="1" ind2=" " tag="246"><subfield code="i">Issues for Aug. 17, 2010-Dec. 16, 2011 have title:</subfield><subfield code="a">San Diego U-T</subfield></datafield><datafield ind1="1" ind2=" " tag="246"><subfield code="i">Issues for Dec. 17, 2011- have title:</subfield><subfield code="a">U-T San Diego</subfield></datafield><datafield ind1="1" ind2=" " tag="246"><subfield code="a">U-T</subfield></datafield><datafield ind1=" " ind2=" " tag="260"><subfield code="3">1992-:</subfield><subfield code="a">San Diego, Calif. :</subfield><subfield code="b">H.K. Copley,</subfield><subfield code="c">1992-</subfield></datafield><datafield ind1="3" ind2=" " tag="260"><subfield code="3">&lt;2011-&gt;:</subfield><subfield code="a">San Diego, Calif. :</subfield><subfield code="b">San Diego Union-Tribune LLC</subfield></datafield><datafield ind1=" " ind2=" " tag="300"><subfield code="a">v.</subfield></datafield><datafield ind1=" " ind2=" " tag="310"><subfield code="a">Daily</subfield></datafield><datafield ind1="0" ind2=" " tag="362"><subfield code="a">No. 1 (Feb. 2, 1992)-</subfield></datafield><datafield ind1=" " ind2=" " tag="500"><subfield code="a">"The San Diego" appears in smaller print above "Union-Tribune."</subfield></datafield><datafield ind1=" " ind2=" " tag="500"><subfield code="a">"The San Diego" appears in smaller print above "U-T."</subfield></datafield><datafield ind1=" " ind2=" " tag="530"><subfield code="a">Also issued on microfilm from Bell &amp; Howell Information and Learning.</subfield></datafield><datafield ind1=" " ind2=" " tag="580"><subfield code="a">Published in several regional eds.: City ed., County ed., East County ed., South County ed.</subfield></datafield><datafield ind1=" " ind2=" " tag="580"><subfield code="a">Merger of: San Diego union (San Diego, Calif. : 1922), and: San Diego tribune.</subfield></datafield><datafield ind1=" " ind2=" " tag="588"><subfield code="a">Latest issue consulted: Vol. 21, no. 5 (Jan. 5, 2012).</subfield></datafield><datafield ind1=" " ind2="0" tag="651"><subfield code="a">San Diego (Calif.)</subfield><subfield code="v">Newspapers.</subfield></datafield><datafield ind1=" " ind2="0" tag="651"><subfield code="a">San Diego County (Calif.)</subfield><subfield code="v">Newspapers.</subfield></datafield><datafield ind1=" " ind2="7" tag="655"><subfield code="a">Newspapers.</subfield><subfield code="2">fast</subfield><subfield code="0">(OCoLC)fst01423814</subfield></datafield><datafield ind1=" " ind2="7" tag="651"><subfield code="a">California</subfield><subfield code="z">San Diego.</subfield><subfield code="2">fast</subfield><subfield code="0">(OCoLC)fst01205232</subfield></datafield><datafield ind1=" " ind2="7" tag="651"><subfield code="a">California</subfield><subfield code="z">San Diego County.</subfield><subfield code="2">fast</subfield><subfield code="0">(OCoLC)fst01204290</subfield></datafield><datafield ind1=" " ind2=" " tag="752"><subfield code="a">United States</subfield><subfield code="b">California</subfield><subfield code="c">San Diego</subfield><subfield code="d">San Diego.</subfield></datafield><datafield ind1="0" ind2="8" tag="776"><subfield code="i">Online version:</subfield><subfield code="t">San Diego union-tribune (Online)</subfield><subfield code="w">(OCoLC)55506628</subfield></datafield><datafield ind1="1" ind2="4" tag="780"><subfield code="t">San Diego union (San Diego, Calif. : 1922)</subfield><subfield code="w">(DLC)sn 85066479</subfield><subfield code="w">(OCoLC)13155544</subfield></datafield><datafield ind1="1" ind2="4" tag="780"><subfield code="t">San Diego tribune</subfield><subfield code="w">(DLC)sn 93052710</subfield><subfield code="w">(OCoLC)21351098</subfield></datafield><datafield ind1="4" ind2="1" tag="856"><subfield code="u">http://www.utsandiego.com/</subfield></datafield><datafield ind1="4" ind2=" " tag="856"><subfield code="u">http://signonsandiego.com/</subfield></datafield></record>